% \documentclass[bibliography=totoc]{scrartcl}

@online{
    ref1,
    title={Available online},
    url={https://covid19.who.int/}
}

@inproceedings{ref2,
  author    = {Alsabek, Mohammed Bader and Shahin, Ismail and Hassan, Abdelfatah},
  booktitle = {2020 International Conference on Communications, Computing, Cybersecurity, and Informatics (CCCI)},
  title     = {Studying the Similarity of COVID-19 Sounds based on Correlation Analysis of MFCC},
  year      = {2020},
  volume    = {},
  number    = {},
  pages     = {1-5},
  doi       = {10.1109/CCCI49893.2020.9256700}
}

@article{ref3,
author = {Aggarwal, Sonam and Gupta, Sheifali and Alhudhaif, Adi and Koundal, Deepika and Gupta, Rupesh and Polat, Kemal},
title = {Automated COVID-19 detection in chest X-ray images using fine-tuned deep learning architectures},
journal = {Expert Systems},
volume = {39},
number = {3},
pages = {e12749},
keywords = {artificial intelligence, chest X-rays, COVID-19, deep learning, transfer learning},
doi = {https://doi.org/10.1111/exsy.12749},
url = {https://onlinelibrary.wiley.com/doi/abs/10.1111/exsy.12749},
eprint = {https://onlinelibrary.wiley.com/doi/pdf/10.1111/exsy.12749},
year = {2022}
}

@article{ref4,
  title   = {A familial cluster of pneumonia associated with the 2019 novel coronavirus indicating person-to-person transmission: a study of a family cluster},
  journal = {The Lancet},
  volume  = {395},
  number  = {10223},
  pages   = {514-523},
  year    = {2020},
  issn    = {0140-6736},
  doi     = {https://doi.org/10.1016/S0140-6736(20)30154-9},
  url     = {https://www.sciencedirect.com/science/article/pii/S0140673620301549},
  author  = {Jasper Fuk-Woo Chan and Shuofeng Yuan and Kin-Hang Kok and Kelvin Kai-Wang To and Hin Chu and Jin Yang and Fanfan Xing and Jieling Liu and Cyril Chik-Yan Yip and Rosana Wing-Shan Poon and Hoi-Wah Tsoi and Simon Kam-Fai Lo and Kwok-Hung Chan and Vincent Kwok-Man Poon and Wan-Mui Chan and Jonathan Daniel Ip and Jian-Piao Cai and Vincent Chi-Chung Cheng and Honglin Chen and Christopher Kim-Ming Hui and Kwok-Yung Yuen}
}

@article{ref5,
  author       = {Armstrong, Stephen},
  title        = {Covid-19: Tests on students are highly inaccurate, early findings show},
  volume       = {371},
  elocation-id = {m4941},
  year         = {2020},
  doi          = {10.1136/bmj.m4941},
  publisher    = {BMJ Publishing Group Ltd},
  url          = {https://www.bmj.com/content/371/bmj.m4941},
  eprint       = {https://www.bmj.com/content/371/bmj.m4941.full.pdf},
  journal      = {BMJ}
}

@article{ref6,
  author       = {Sayak Roy},
  title        = {Physiciansâ€™ Dilemma of False-Positive RT-PCR for COVID-19: a Case Report},
  year         = {2021},
  doi          = {10.1007/s42399-020-00655-9},
}


@article{ref7,
  author         = {Hijazi, Haytham and Abu Talib, Manar and Hasasneh, Ahmad and Bou Nassif, Ali and Ahmed, Nafisa and Nasir, Qassim},
  title          = {Wearable Devices, Smartphones, and Interpretable Artificial Intelligence in Combating COVID-19},
  journal        = {Sensors},
  volume         = {21},
  year           = {2021},
  number         = {24},
  article-number = {8424},
  url            = {https://www.mdpi.com/1424-8220/21/24/8424},
  pubmedid       = {34960517},
  issn           = {1424-8220},
  doi            = {10.3390/s21248424}
}

@inproceedings{ref8,
  author    = {Hassan, Abdelfatah and Shahin, Ismail and Alsabek, Mohamed Bader},
  booktitle = {2020 International Conference on Communications, Computing, Cybersecurity, and Informatics (CCCI)},
  title     = {COVID-19 Detection System using Recurrent Neural Networks},
  year      = {2020},
  volume    = {},
  number    = {},
  pages     = {1-5},
  doi       = {10.1109/CCCI49893.2020.9256562}
}

@article{ref9,
  title={AI applications to combat COVID-19 pandemic},
  author={Rajkarnikar, L and Shrestha, S and Shrestha, S},
  journal={Int. J. Adv. Eng},
  volume={4},
  pages={337--339},
  year={2021}
}

@article{ref10,
  title={Machine and deep learning towards COVID-19 diagnosis and treatment: survey, challenges, and future directions},
  author={Alafif, Tarik and Tehame, Abdul Muneeim and Bajaba, Saleh and Barnawi, Ahmed and Zia, Saad},
  journal={International journal of environmental research and public health},
  volume={18},
  number={3},
  pages={1117},
  year={2021},
  publisher={MDPI}
}

@article{rerf11,
  title={Grey forecasting models based on internal optimization for Novel Corona virus (COVID-19)},
  author={Saxena, Akash},
  journal={Applied Soft Computing},
  volume={111},
  pages={107735},
  year={2021},
  publisher={Elsevier}
}

@article{ref12,
  title={A new grey quadratic polynomial model and its application in the COVID-19 in China},
  author={Zhang, Jianbo and Jiang, Zeyou},
  journal={Scientific reports},
  volume={11},
  number={1},
  pages={1--27},
  year={2021},
  publisher={Nature Publishing Group}
}

@article{ref13,
  title={COVID-19 cough classification using machine learning and global smartphone recordings},
  author={Pahar, Madhurananda and Klopper, Marisa and Warren, Robin and Niesler, Thomas},
  journal={Computers in Biology and Medicine},
  volume={135},
  pages={104572},
  year={2021},
  publisher={Elsevier}
}

@inproceedings{ref14,
  title={The DiCOVA 2021 Challenge-An Encoder-Decoder Approach for COVID-19 Recognition from Coughing Audio.},
  author={Deshpande, Gauri and Schuller, Bj{\"o}rn W},
  booktitle={Interspeech},
  pages={931--935},
  year={2021}
}

@inproceedings{ref15,
  title={Diagnosis of COVID-19 using auditory acoustic cues},
  author={Das, Rohan Kumar and Madhavi, Maulik and Li, Haizhou},
  booktitle={22nd Annual Conference of the International Speech Communication Association, INTERSPEECH 2021},
  pages={4276--4280},
  year={2021}
}

@article{ref16,
  title={COVID-19 artificial intelligence diagnosis using only cough recordings},
  author={Laguarta, Jordi and Hueto, Ferran and Subirana, Brian},
  journal={IEEE Open Journal of Engineering in Medicine and Biology},
  volume={1},
  pages={275--281},
  year={2020},
  publisher={IEEE}
}

@article{ref17,
  title={Virufy: Global applicability of crowdsourced and clinical datasets for AI detection of COVID-19 from cough},
  author={Chaudhari, Gunvant and Jiang, Xinyi and Fakhry, Ahmed and Han, Asriel and Xiao, Jaclyn and Shen, Sabrina and Khanzada, Amil},
  journal={arXiv preprint arXiv:2011.13320},
  year={2020}
}

@inproceedings{ref18,
  title={Diagnosing COVID-19 pneumonia from X-ray and CT images using deep learning and transfer learning algorithms},
  author={Maghdid, Halgurd S and Asaad, Aras T and Ghafoor, Kayhan Zrar and Sadiq, Ali Safaa and Mirjalili, Seyedali and Khan, Muhammad Khurram},
  booktitle={Multimodal image exploitation and learning 2021},
  volume={11734},
  pages={99--110},
  year={2021},
  organization={SPIE}
}

@article{ref19,
  title={Covidnet-ct: A tailored deep convolutional neural network design for detection of covid-19 cases from chest ct images},
  author={Gunraj, Hayden and Wang, Linda and Wong, Alexander},
  journal={Frontiers in medicine},
  volume={7},
  pages={608525},
  year={2020},
  publisher={Frontiers Media SA}
}
@article{ref20,
  title={Covid-ct-dataset: a ct scan dataset about covid-19},
  author={Zhao, Jinyu and Zhang, Yichen and He, Xuehai and Xie, Pengtao},
  year={2020}
}

@article{ref21,
  title={Application of deep learning technique to manage COVID-19 in routine clinical practice using CT images: Results of 10 convolutional neural networks},
  author={Ardakani, Ali Abbasian and Kanafi, Alireza Rajabzadeh and Acharya, U Rajendra and Khadem, Nazanin and Mohammadi, Afshin},
  journal={Computers in biology and medicine},
  volume={121},
  pages={103795},
  year={2020},
  publisher={Elsevier}
}


@article{ref22,
  title={Classification of the COVID-19 infected patients using DenseNet201 based deep transfer learning},
  author={Jaiswal, Aayush and Gianchandani, Neha and Singh, Dilbag and Kumar, Vijay and Kaur, Manjit},
  journal={Journal of Biomolecular Structure and Dynamics},
  volume={39},
  number={15},
  pages={5682--5689},
  year={2021},
  publisher={Taylor \& Francis}
}

@article{ref23,
  title={A deep learning algorithm using CT images to screen for Corona Virus Disease (COVID-19)},
  author={Wang, Shuai and Kang, Bo and Ma, Jinlu and Zeng, Xianjun and Xiao, Mingming and Guo, Jia and Cai, Mengjiao and Yang, Jingyi and Li, Yaodong and Meng, Xiangfei and others},
  journal={European radiology},
  volume={31},
  number={8},
  pages={6096--6104},
  year={2021},
  publisher={Springer}
}

@article{ref24,
  title={Automatic detection of coronavirus disease (covid-19) using x-ray images and deep convolutional neural networks},
  author={Narin, Ali and Kaya, Ceren and Pamuk, Ziynet},
  journal={Pattern Analysis and Applications},
  volume={24},
  number={3},
  pages={1207--1220},
  year={2021},
  publisher={Springer}
}

@article{ref25,
  title={Coswara--a database of breathing, cough, and voice sounds for COVID-19 diagnosis},
  author={Sharma, Neeraj and Krishnan, Prashant and Kumar, Rohit and Ramoji, Shreyas and Chetupalli, Srikanth Raj and Ghosh, Prasanta Kumar and Ganapathy, Sriram and others},
  journal={arXiv preprint arXiv:2005.10548},
  year={2020}
}

@article{ref26,
  title={Speech emotion recognition: Emotional models, databases, features, preprocessing methods, supporting modalities, and classifiers},
  author={Ak{\c{c}}ay, Mehmet Berkehan and O{\u{g}}uz, Kaya},
  journal={Speech Communication},
  volume={116},
  pages={56--76},
  year={2020},
  publisher={Elsevier}
}

@article{ref27,
  title={Automated diagnosis of myocardial infarction ECG signals using sample entropy in flexible analytic wavelet transform framework},
  author={Kumar, Mohit and Pachori, Ram Bilas and Acharya, U Rajendra},
  journal={Entropy},
  volume={19},
  number={9},
  pages={488},
  year={2017},
  publisher={MDPI}
}

@article{ref28,
  title={Preprocessing technique in automatic speech recognition for human computer interaction: an overview},
  author={Ibrahim, Yakubu A and Odiketa, Juliet C and Ibiyemi, Tunji S},
  journal={Ann Comput Sci Ser},
  volume={15},
  number={1},
  pages={186--191},
  year={2017}
}


@online{
    ref29,
    title={Available online},
    url={https://ai.googleblog.com/2019/04/?hl=es_CL}
}

@article{ref30,
  title={A comparative study of feature extraction techniques for speech recognition system},
  author={Kurzekar, Pratik K and Deshmukh, Ratnadeep R and Waghmare, Vishal B and Shrishrimal, Pukhraj P},
  journal={International Journal of Innovative Research in Science, Engineering and Technology},
  volume={3},
  number={12},
  pages={18006--18016},
  year={2014},
  publisher={Ess \& Ess Research Publications}
}


@article{ref31,
  title={Novel dual-channel long short-term memory compressed capsule networks for emotion recognition},
  author={Shahin, Ismail and Hindawi, Noor and Nassif, Ali Bou and Alhudhaif, Adi and Polat, Kemal},
  journal={Expert Systems with Applications},
  volume={188},
  pages={116080},
  year={2022},
  publisher={Elsevier}
}

@article{ref32,
  title={CASA-based speaker identification using cascaded GMM-CNN classifier in noisy and emotional talking conditions},
  author={Nassif, Ali Bou and Shahin, Ismail and Hamsa, Shibani and Nemmour, Nawel and Hirose, Keikichi},
  journal={Applied Soft Computing},
  volume={103},
  pages={107141},
  year={2021},
  publisher={Elsevier}
}

@article{ref33,
  title={Emotional speaker identification using a novel capsule nets model},
  author={Nassif, Ali Bou and Shahin, Ismail and Elnagar, Ashraf and Velayudhan, Divya and Alhudhaif, Adi and Polat, Kemal},
  journal={Expert Systems with Applications},
  volume={193},
  pages={116469},
  year={2022},
  publisher={Elsevier}
}

@article{ref34,
  title={Voice recognition algorithms using mel frequency cepstral coefficient (MFCC) and dynamic time warping (DTW) techniques},
  author={Muda, Lindasalwa and Begam, Mumtaj and Elamvazuthi, Irraivan},
  journal={arXiv preprint arXiv:1003.4083},
  year={2010}
}

@article{ref35,
  title={Voice recognition algorithms using mel frequency cepstral coefficient (MFCC) and dynamic time warping (DTW) techniques},
  author={Muda, Lindasalwa and Begam, Mumtaj and Elamvazuthi, Irraivan},
  journal={arXiv preprint arXiv:1003.4083},
  year={2010}
}

@article{ref36,
  title={Emotion recognition using hybrid Gaussian mixture model and deep neural network},
  author={Shahin, Ismail and Nassif, Ali Bou and Hamsa, Shibani},
  journal={IEEE access},
  volume={7},
  pages={26777--26787},
  year={2019},
  publisher={IEEE}
}

@article{ref37,
  title={Voice recognition using MFCC algorithm},
  author={Chakraborty, Koustav and Talele, Asmita and Upadhya, Savitha},
  journal={International Journal of Innovative Research in Advanced Engineering (IJIRAE)},
  volume={1},
  number={10},
  pages={2349--2163},
  year={2014}
}

@phdthesis{ref38,
  title={Towards The Development of Computer Aided Speech Therapy Tool in Arabic Language Using Artificial Intelligence},
  author={Tawfik, Khaled Seddik},
  year={2016},
  school={Cardiff Metropolitan University}
}

@article{ref39,
  title={Speech recognition using deep neural networks: A systematic review},
  author={Nassif, Ali Bou and Shahin, Ismail and Attili, Imtinan and Azzeh, Mohammad and Shaalan, Khaled},
  journal={IEEE access},
  volume={7},
  pages={19143--19165},
  year={2019},
  publisher={IEEE}
}

@article{ref40,
  title={Performance evaluation of deep neural networks applied to speech recognition: RNN, LSTM and GRU},
  author={Shewalkar, Apeksha and Nyavanandi, Deepika and Ludwig, Simone A},
  journal={Journal of Artificial Intelligence and Soft Computing Research},
  volume={9},
  number={4},
  pages={235--245},
  year={2019}
}

@inproceedings{ref41,
  title={Robust speech recognition using long short-term memory recurrent neural networks for hybrid acoustic modelling},
  author={Geiger, J{\"u}rgen T and Zhang, Zixing and Weninger, Felix and Schuller, Bj{\"o}rn and Rigoll, Gerhard},
  booktitle={Proc. INTERSPEECH 2014, Singapore, Singapore},
  year={2014}
}


@online{
    ref42,
    title={Available online},
    url={https://www.kaggle.com/c/rsna-pneumonia-detection-challenge/data }
}


@online{
    ref43,
    title={Available online},
    url={https://www.kaggle.com/paultimothymooney/chest-xray-pneumonia}
}


@online{
    ref44,
    title={Available online},
    url={https://bimcv.cipf.es/bimcv-projects/bimcv-covid19/#1590858128006-9e640421-6711 }
}


@online{
    ref45,
    title={Available online},
    url={https://github.com/ml-workgroup/covid-19-image-repository/tree/master/png}
}


@online{
    ref46,
    title={Available online},
    url={https://sirm.org/category/senza-categoria/covid-19/}
}


@online{
    ref47,
    title={Available online},
    url={https://eurorad.org}
}


@online{
    ref48,
    title={Available online},
    url={https://github.com/ieee8023/covid-chestxray-dataset}
}


@online{
    ref49,
    title={Available online},
    url={https://figshare.com/articles/COVID-19_Chest_X-Ray_Image_Repository/12580328}
}


@inproceedings{ref50,
  title={Improving deep learning with generic data augmentation},
  author={Taylor, Luke and Nitschke, Geoff},
  booktitle={2018 IEEE Symposium Series on Computational Intelligence (SSCI)},
  pages={1542--1547},
  year={2018},
  organization={IEEE}
}

@article{ref51,
  title={Towards highly accurate coral texture images classification using deep convolutional neural networks and data augmentation},
  author={G{\'o}mez-R{\'\i}os, Anabel and Tabik, Siham and Luengo, Juli{\'a}n and Shihavuddin, ASM and Krawczyk, Bartosz and Herrera, Francisco},
  journal={Expert Systems with Applications},
  volume={118},
  pages={315--328},
  year={2019},
  publisher={Elsevier}
}

@inproceedings{ref52,
  title={Understanding of a convolutional neural network},
  author={Albawi, Saad and Mohammed, Tareq Abed and Al-Zawi, Saad},
  booktitle={2017 international conference on engineering and technology (ICET)},
  pages={1--6},
  year={2017},
  organization={Ieee}
}

@article{ref53,
  title={An introduction to convolutional neural networks},
  author={O'Shea, Keiron and Nash, Ryan},
  journal={arXiv preprint arXiv:1511.08458},
  year={2015}
}

@article{ref54,
  title={Hyperparameter optimization in convolutional neural network using genetic algorithms},
  author={Aszemi, Nurshazlyn Mohd and Dominic, PDD},
  journal={International Journal of Advanced Computer Science and Applications},
  volume={10},
  number={6},
  year={2019},
  publisher={Science and Information (SAI) Organization Limited}
}

@article{ref55,
  title={Detecting affect states using VGG16, ResNet50 and SE-ResNet50 networks},
  author={Theckedath, Dhananjay and Sedamkar, RR},
  journal={SN Computer Science},
  volume={1},
  number={2},
  pages={1--7},
  year={2020},
  publisher={Springer}
}

@article{ref56,
  title={The history began from alexnet: A comprehensive survey on deep learning approaches},
  author={Alom, Md Zahangir and Taha, Tarek M and Yakopcic, Christopher and Westberg, Stefan and Sidike, Paheding and Nasrin, Mst Shamima and Van Esesn, Brian C and Awwal, Abdul A S and Asari, Vijayan K},
  journal={arXiv preprint arXiv:1803.01164},
  year={2018}
}

@inproceedings{ref57,
  title={Xception: Deep learning with depthwise separable convolutions},
  author={Chollet, Fran{\c{c}}ois},
  booktitle={Proceedings of the IEEE conference on computer vision and pattern recognition},
  pages={1251--1258},
  year={2017}
}

@misc{ref58,
  title={Densely connected convolutional networks In: Proceedings of the IEEE Conference on Computer Vision and Pattern Recognition, 4700--4708},
  author={Huang, G and Liu, Z and Van Der Maaten, L and Weinberger, KQ},
  year={2017},
  publisher={Honolulu}
}

@inproceedings{ref59,
  title={Rethinking the inception architecture for computer vision},
  author={Szegedy, Christian and Vanhoucke, Vincent and Ioffe, Sergey and Shlens, Jon and Wojna, Zbigniew},
  booktitle={Proceedings of the IEEE conference on computer vision and pattern recognition},
  pages={2818--2826},
  year={2016}
}

@misc{ref60,
  title={Cross-Validation.},
  author={Berrar, Daniel},
  year={2019}
}

@article{ref61,
  title={El anillo esof{\'a}gico inferior},
  author={Pe{\~n}a Ya{\~n}ez, A},
  journal={Rev. Esp. Enferm. Apar. Dig},
  volume={26},
  pages={505--516},
  year={1967}
}

@inproceedings{ref62,
  title={Semi-supervised model selection based on cross-validation},
  author={Kaariainen, M},
  booktitle={The 2006 IEEE International Joint Conference on Neural Network Proceedings},
  pages={1894--1899},
  year={2006},
  organization={IEEE}
}


@inproceedings{ref63,
  title={K-Fold Cross Validation for Error Rate Estimate in Support Vector Machines.},
  author={Anguita, Davide and Ghio, Alessandro and Ridella, Sandro and Sterpi, Dario},
  booktitle={DMIN},
  pages={291--297},
  year={2009}
}

@article{ref64,
  title={Grid search, random search, genetic algorithm: a big comparison for NAS},
  author={Liashchynskyi, Petro and Liashchynskyi, Pavlo},
  journal={arXiv preprint arXiv:1912.06059},
  year={2019}
}

@article{ref65,
  title={Proceedings of the 19th Australian Joint Conference on Artificial Intelligence, Hobart, 2006},
  author={Hoque, MT and Chetty, M and Dooley, LS},
  year={2006},
  publisher={Springer}
}


